% Encoding: UTF-8

@inproceedings{pix2pix,
  author    = {Isola, Phillip and Zhu, Jun-Yan and Zhou, Tinghui and Efros, Alexei A},
  title     = {Image-to-image translation with conditional adversarial networks},
  booktitle = {Proceedings of the IEEE conference on computer vision and pattern recognition},
  pages     = {1125--1134},
  year      = {2017},
  language  = {ukrainian}
}

@article{goodfellow2014generative,
  author   = {Goodfellow, Ian and Pouget-Abadie, Jean and Mirza, Mehdi and Xu, Bing and Warde-Farley, David and Ozair, Sherjil and Courville, Aaron and Bengio, Yoshua},
  title    = {Generative adversarial nets},
  journal  = {Advances in neural information processing systems},
  volume   = {27},
  year     = {2014},
  language = {ukrainian}
}

@inproceedings{unet,
  title        = {U-net: Convolutional networks for biomedical image segmentation},
  author       = {Ronneberger, Olaf and Fischer, Philipp and Brox, Thomas},
  booktitle    = {International Conference on Medical image computing and computer-assisted intervention},
  pages        = {234--241},
  year         = {2015},
  organization = {Springer},
  language     = {ukrainian}
}

@inproceedings{pix2pixHD,
  title     = {High-resolution image synthesis and semantic manipulation with conditional gans},
  author    = {Wang, Ting-Chun and Liu, Ming-Yu and Zhu, Jun-Yan and Tao, Andrew and Kautz, Jan and Catanzaro, Bryan},
  booktitle = {Proceedings of the IEEE conference on computer vision and pattern recognition},
  pages     = {8798--8807},
  year      = {2018},
  language  = {ukrainian}
}

@inproceedings{sat_logging,
  author    = {Shumilo, Leonid and Kussul, Nataliia and Lavreniuk, Mykola},
  booktitle = {2021 IEEE International Geoscience and Remote Sensing Symposium IGARSS},
  title     = {U-Net Model for Logging Detection Based on the Sentinel-1 and Sentinel-2 Data},
  year      = {2021},
  volume    = {},
  number    = {},
  pages     = {4680--4683},
  doi       = {10.1109/IGARSS47720.2021.9554885},
  language  = {ukrainian}
}

@article{kussul2017deep,
  title     = {Deep learning classification of land cover and crop types using remote sensing data},
  author    = {Kussul, Nataliia and Lavreniuk, Mykola and Skakun, Sergii and Shelestov, Andrii},
  journal   = {IEEE Geoscience and Remote Sensing Letters},
  volume    = {14},
  number    = {5},
  pages     = {778--782},
  year      = {2017},
  publisher = {IEEE},
  language  = {ukrainian}
}

@inproceedings{losses,
  author    = {Jadon, Shruti},
  booktitle = {2020 IEEE Conference on Computational Intelligence in Bioinformatics and Computational Biology (CIBCB)},
  title     = {A survey of loss functions for semantic segmentation},
  year      = {2020},
  pages     = {1--7},
  doi       = {10.1109/CIBCB48159.2020.9277638},
  language  = {ukrainian}
}

@article{arjovsky2017towards,
  title    = {Towards principled methods for training generative adversarial networks},
  author   = {Arjovsky, Martin and Bottou, L{\'e}on},
  journal  = {arXiv},
  year     = {2017},
  note     = {(Препринт / arXiv:1701.04862)},
  language = {ukrainian}
}

@article{drusch2012sentinel,
  title     = {Sentinel-2: ESA's optical high-resolution mission for GMES operational services},
  author    = {Drusch, Matthias and Del Bello, Umberto and Carlier, S{\'e}bastien and Colin, Olivier and Fernandez, Veronica and Gascon, Ferran and Hoersch, Bianca and Isola, Claudia and Laberinti, Paolo and Martimort, Philippe and others},
  journal   = {Remote sensing of Environment},
  volume    = {120},
  pages     = {25--36},
  year      = {2012},
  publisher = {Elsevier},
  language  = {ukrainian}
}

@article{kolotii2015comparison,
  title     = {Comparison of biophysical and satellite predictors for wheat yeild forecasting in Ukraine},
  author    = {Kolotii, A and Kussul, N and Shelestov, A and Skakun, S and Yailymov, B and Basarab, R and Lavreniuk, M and Oliinyk, T and Ostapenko, V},
  journal   = {International Archives of the Photogrammetry, Remote Sensing \& Spatial Information Sciences},
  year      = {2015},
  publisher = {Citeseer},
  language  = {ukrainian}
}

@article{diederik2014adam,
  title     = {Adam: A method for stochastic optimization},
  author    = {Diederik, Kingma and Jimmy, Ba and others},
  pages     = {273--297},
  year      = {2014},
  journal   = {arXiv},
  publisher = {ICLR},
  note      = {(Препринт / arXiv:1701.04862)},
  language  = {ukrainian}
}


