% Encoding: UTF-8

@inproceedings{pix2pix,
  author    = {Isola, Phillip and Zhu, Jun-Yan and Zhou, Tinghui and Efros, Alexei A},
  title     = {Image-to-image translation with conditional adversarial networks},
  booktitle = {Proceedings of the IEEE conference on computer vision and pattern recognition},
  pages     = {1125--1134},
  year      = {2017}
}

@article{goodfellow2014generative,
  author  = {Goodfellow, Ian and Pouget-Abadie, Jean and Mirza, Mehdi and Xu, Bing and Warde-Farley, David and Ozair, Sherjil and Courville, Aaron and Bengio, Yoshua},
  title   = {Generative adversarial nets},
  journal = {Advances in neural information processing systems},
  volume  = {27},
  year    = {2014}
}

@inproceedings{unet,
  title        = {U-net: Convolutional networks for biomedical image segmentation},
  author       = {Ronneberger, Olaf and Fischer, Philipp and Brox, Thomas},
  booktitle    = {International Conference on Medical image computing and computer-assisted intervention},
  pages        = {234--241},
  year         = {2015},
  organization = {Springer}
}

@inproceedings{pix2pixHD,
  title     = {High-resolution image synthesis and semantic manipulation with conditional gans},
  author    = {Wang, Ting-Chun and Liu, Ming-Yu and Zhu, Jun-Yan and Tao, Andrew and Kautz, Jan and Catanzaro, Bryan},
  booktitle = {Proceedings of the IEEE conference on computer vision and pattern recognition},
  pages     = {8798--8807},
  year      = {2018}
}

@inproceedings{sat_logging,
  author    = {Shumilo, Leonid and Kussul, Nataliia and Lavreniuk, Mykola},
  booktitle = {2021 IEEE International Geoscience and Remote Sensing Symposium IGARSS},
  title     = {U-Net Model for Logging Detection Based on the Sentinel-1 and Sentinel-2 Data},
  year      = {2021},
  volume    = {},
  number    = {},
  pages     = {4680--4683},
  doi       = {10.1109/IGARSS47720.2021.9554885}
}

@article{kussul2017deep,
  title     = {Deep learning classification of land cover and crop types using remote sensing data},
  author    = {Kussul, Nataliia and Lavreniuk, Mykola and Skakun, Sergii and Shelestov, Andrii},
  journal   = {IEEE Geoscience and Remote Sensing Letters},
  volume    = {14},
  number    = {5},
  pages     = {778--782},
  year      = {2017},
  publisher = {IEEE}
}

@inproceedings{losses,
  author    = {Jadon, Shruti},
  booktitle = {2020 IEEE Conference on Computational Intelligence in Bioinformatics and Computational Biology (CIBCB)},
  title     = {A survey of loss functions for semantic segmentation},
  year      = {2020},
  pages     = {1--7},
  doi       = {10.1109/CIBCB48159.2020.9277638}
}

@article{arjovsky2017towards,
  title   = {Towards principled methods for training generative adversarial networks},
  author  = {Arjovsky, Martin and Bottou, L{\'e}on},
  journal = {arXiv},
  year    = {2017},
  note    = {(Препринт / arXiv:1701.04862)}
}

@article{lecun1998gradient,
  title     = {Gradient-based learning applied to document recognition},
  author    = {LeCun, Yann and Bottou, L{\'e}on and Bengio, Yoshua and Haffner, Patrick},
  journal   = {Proceedings of the IEEE},
  volume    = {86},
  number    = {11},
  pages     = {2278--2324},
  year      = {1998},
  publisher = {Ieee}
}

@article{grandini2020metrics,
  title   = {Metrics for multi-class classification: an overview},
  author  = {Grandini, Margherita and Bagli, Enrico and Visani, Giorgio},
  journal = {arXiv},
  note    = {(Препринт / arXiv:2008.05756)},
  year    = {2020}
}

@article{trung2019automated,
  title   = {Automated Pneumonia Detection in X-Ray Images via Depthwise Separable Convolution Based Learning},
  author  = {Trung, Nghia Duong and Ngoc, Tuyen Tran and Huynh, Hiep Xuan},
  journal = {Proc. FAIR-Fundamental And Applied IT Research},
  year    = {2019}
}

@article{goodfellow2016nips,
  title   = {Nips 2016 tutorial: Generative adversarial networks},
  author  = {Goodfellow, Ian},
  journal = {arXiv},
  year    = {2016},
  note    = {(Препринт / arXiv:1701.00160)}
}

@article{kingma2014adam,
  title   = {Adam: A method for stochastic optimization},
  author  = {Kingma, Diederik P and Ba, Jimmy},
  journal = {arXiv},
  note    = {(Препринт / arXiv:1412.6980)},
  year    = {2014}
}

@article{roth2017stabilizing,
  title   = {Stabilizing training of generative adversarial networks through regularization},
  author  = {Roth, Kevin and Lucchi, Aurelien and Nowozin, Sebastian and Hofmann, Thomas},
  journal = {Advances in neural information processing systems},
  volume  = {30},
  year    = {2017}
}

@article{miyato2018spectral,
  title   = {Spectral normalization for generative adversarial networks},
  author  = {Miyato, Takeru and Kataoka, Toshiki and Koyama, Masanori and Yoshida, Yuichi},
  journal = {arXiv preprint arXiv:1802.05957},
  year    = {2018}
}

@inproceedings{arjovsky2017wasserstein,
  title        = {Wasserstein generative adversarial networks},
  author       = {Arjovsky, Martin and Chintala, Soumith and Bottou, L{\'e}on},
  booktitle    = {International conference on machine learning},
  pages        = {214--223},
  year         = {2017},
  organization = {PMLR}
}
